@misc{breakData,
  title={Wie lassen sich Wasserverluste verringern?},
  author={Hawle Österreich Gruppe},
  howpublished={\url{https://www.hawle.com/de/hawle-knowledge/basiswissen/wasserverluste-in-rohrnetzen/}},
  note = {Letzter Zugriff: 2022-08-08}
}

@misc{breakTime,
  title={Was passiert bei einem Rohrburch?},
  author={Stadtwerke Münster},
  howpublished={\url{https://www.stadtwerke-muenster.de/blog/energie/was-passiert-bei-einem-wasserrohrbruch/}},
  note = {Letzter Zugriff: 2022-08-08}
}

@misc{mlTheory,
  title={Machine Learning: Definition},
  author={datasolut},
  howpublished={\url{https://datasolut.com/was-ist-machine-learning/#machine-learning-definiton}},
  note = {Letzter Zugriff: 2022-08-08}
}

@misc{mlKNN,
  title={k-Nearest Neighbors},
  author={Wikipedia},
  howpublished={\url{https://en.wikipedia.org/wiki/K-nearest_neighbors_algorithm}},
  note = {Letzter Zugriff: 2022-08-08}
}

@misc{mlMLP,
  title={Multilayer Preceptron},
  author={Wikipedia},
  howpublished={\url{https://en.wikipedia.org/wiki/Multilayer_perceptron}},
  note = {Letzter Zugriff: 2022-08-08}
}

@misc{mlLR,
  title={Linear Regression},
  author={Wikipedia},
  howpublished={\url{https://en.wikipedia.org/wiki/Linear_regression}},
  note = {Letzter Zugriff: 2022-08-08}
}

@misc{mlL1,
  title={Lasso Regression},
  author={Wikipedia},
  howpublished={\url{https://en.wikipedia.org/wiki/Lasso_regression}},
  note = {Letzter Zugriff: 2022-08-08}
}

@misc{mlL2,
  title={Ridge Regression},
  author={Wikipedia},
  howpublished={\url{https://en.wikipedia.org/wiki/Ridge_regression}},
  note = {Letzter Zugriff: 2022-08-08}
}

@misc{mlMetrics,
  title={Popular Machine Learning Metrics},
  author={Towards Data Science},
  howpublished={\url{https://towardsdatascience.com/20-popular-machine-learning-metrics-part-1-classification-regression-evaluation-metrics-1ca3e282a2ce}},
  note = {Letzter Zugriff: 2022-08-08}
}

@misc{mlCV,
  title={Cross Validation in Machine Learning},
  author={Towards Data Science},
  howpublished={\url{https://towardsdatascience.com/cross-validation-in-machine-learning-72924a69872f}},
  note = {Letzter Zugriff: 2022-08-08}
}

@misc{mlGS,
  title={Hyperparameter Optimization with Random Search and Grid Search},
  author={Machine Learning Mastery},
  howpublished={\url{https://machinelearningmastery.com/hyperparameter-optimization-with-random-search-and-grid-search/}},
  note = {Letzter Zugriff: 2022-08-08}
}

@misc{klise2018overview,
  title={An Overview of the Water Network Tool for Resilience (WNTR).},
  author={Klise, Katherine A and Murray, Regan and Haxton, Terra},
  year={2018},
  publisher={Sandia National Lab.(SNL-NM), Albuquerque, NM (United States)}
}

@inproceedings{vrachimis2018leakdb,
  title={LeakDB: A benchmark dataset for leakage diagnosis in water distribution networks},
  author={Vrachimis, Stelios G and Kyriakou, Marios S and others},
  booktitle={WDSA/CCWI Joint Conference Proceedings},
  volume={1},
  year={2018}
}

@article{lee2021development,
  title={Development of leakage detection model and its application for water distribution networks using RNN-LSTM},
  author={Lee, Chan-Wook and Yoo, Do-Guen},
  journal={Sustainability},
  volume={13},
  number={16},
  pages={9262},
  year={2021},
  publisher={MDPI}
}

@techreport{fleischer2003sensor,
  title={Sensor placement in municipal water networks.},
  author={Fleischer, Lisa K and Hart, William Eugene and Phillips, Cynthia Ann and Berry, Jonathan},
  year={2003},
  institution={Sandia National Laboratories (SNL), Albuquerque, NM, and Livermore, CA~…}
}